
@book{book_sasha,
    AUTHOR = {Tsybakov, Alexandre B.},
    TITLE = {Introduction to nonparametric estimation},
    SERIES = {Springer Series in Statistics},
    YEAR = {2009},
    DOI = {10.1007/b13794},
}

@article{cristina_arxiv,
    title = {A Unifying Framework for Global Gaussianization: Asymptotic
             Equivalence of Locally Stationary Processes and Bivariate White
             Noise},
    author = {Cristina Butucea and Alexander Meister and Angelika Rohde},
    year = {2024},
    journal = {arxiv 2410.05751},
    eprint = {2410.05751},
    archivePrefix = {arXiv},
    primaryClass = {math.ST},
    url = {https://arxiv.org/abs/2410.05751},
}

@article{anna_mirror,
    title = {Mirror descent with relative smoothness in measure spaces, with
             application to sinkhorn and {EM}},
    author = {Aubin-Frankowski, Pierre-Cyril and Korba, Anna and L{\'e}ger,
              Flavien},
    journal = {Advances in Neural Information Processing Systems},
    volume = {35},
    pages = {17263--17275},
    year = {2022},
}

